
IEEEabrv.bib
V1.12 (2007/01/11)
Copyright (c) 2002-2007 by Michael Shell
See: http://www.michaelshell.org/
for current contact information.

BibTeX bibliography string definitions of the ABBREVIATED titles of
IEEE journals and magazines and online publications.

This file is designed for bibliography styles that require 
abbreviated titles and is not for use in bibliographies that
require full-length titles.

Support sites:
http://www.michaelshell.org/tex/ieeetran/
http://www.ctan.org/tex-archive/macros/latex/contrib/IEEEtran/
and/or
http://www.ieee.org/

Special thanks to Laura Hyslop and ken Rawson of IEEE for their help
in obtaining the information needed to compile this file. Also,
Volker Kuhlmann and Moritz Borgmann kindly provided some corrections
and additions.

*************************************************************************
Legal Notice:
This code is offered as-is without any warranty either expressed or
implied; without even the implied warranty of MERCHANTABILITY or
FITNESS FOR A PARTICULAR PURPOSE! 
User assumes all risk.
In no event shall IEEE or any contributor to this code be liable for
any damages or losses, including, but not limited to, incidental,
consequential, or any other damages, resulting from the use or misuse
of any information contained here.

All comments are the opinions of their respective authors and are not
necessarily endorsed by the IEEE.

This work is distributed under the LaTeX Project Public License (LPPL)
( http://www.latex-project.org/ ) version 1.3, and may be freely used,
distributed and modified. A copy of the LPPL, version 1.3, is included
in the base LaTeX documentation of all distributions of LaTeX released
2003/12/01 or later.
Retain all contribution notices and credits.
** Modified files should be clearly indicated as such, including  **
** renaming them and changing author support contact information. **

File list of work: IEEEabrv.bib, IEEEfull.bib, IEEEexample.bib,
                   IEEEtran.bst, IEEEtranS.bst, IEEEtranSA.bst,
                   IEEEtranN.bst, IEEEtranSN.bst, IEEEtran_bst_HOWTO.pdf
*************************************************************************


USAGE:

\bibliographystyle{mybstfile}
\bibliography{IEEEabrv,mybibfile}

where the IEEE titles in the .bib database entries use the strings
defined here. e.g.,


   journal = IEEE_J_AC,


to yield "{IEEE} Trans. Automat. Contr."


IEEE uses abbreviated journal titles in their bibliographies -
this file is suitable for work that is to be submitted to the IEEE.


For work that requires full-length titles, you should use the full
titles provided in the companion file, IEEEfull.bib.


** NOTES **

 1. Journals have been grouped according to subject in order to make it
    easier to locate and extract the definitions for related journals - 
    as most works use references that are confined to a single topic.
    Magazines are listed in straight alphabetical order.

 2. String names are closely based on IEEE's own internal acronyms.
 
 3. Abbreviations follow IEEE's style.

 4. Older, out-of-print IEEE titles are included (but not including titles
    dating prior to IEEE's formation from the IRE and AIEE in 1963).

 5. The following NEW/current journal definitions have been disabled because
    their abbreviations have not yet been verified:
    
    STRING{IEEE_J_CBB        = "{IEEE/ACM} Trans. Comput. Biology Bioinformatics"}
    STRING{IEEE_J_CJECE      = "Canadian J. Elect. Comput. Eng."}
    STRING{IEEE_J_DSC        = "{IEEE} Trans. Dependable Secure Comput."}
    STRING{IEEE_O_DSO        = "{IEEE} Distrib. Syst. Online"}
    
 6. The following OLD journal definitions have been disabled because
    their abbreviations have not yet been found/verified:

    STRING{IEEE_J_BCTV       = "{IEEE} Trans. Broadcast Television Receivers"}
    STRING{IEEE_J_EWS        = "{IEEE} Trans. Eng. Writing Speech"}

If you know what the proper abbreviation is for a string in #5 or #6 above,
email me and I will correct them in the next release.





IEEE Journals 



aerospace and military
@STRING{IEEE_J_AES        = "{IEEE} Trans. Aerosp. Electron. Syst."}
@STRING{IEEE_J_ANE        = "{IEEE} Trans. Aerosp. Navig. Electron."}
@STRING{IEEE_J_ANNE       = "{IEEE} Trans. Aeronaut. Navig. Electron."}
@STRING{IEEE_J_AS         = "{IEEE} Trans. Aerosp."}
@STRING{IEEE_J_AIRE       = "{IEEE} Trans. Airborne Electron."}
@STRING{IEEE_J_MIL        = "{IEEE} Trans. Mil. Electron."}



autos, transportation and vehicles (non-aerospace)
@STRING{IEEE_J_ITS        = "{IEEE} Trans. Intell. Transp. Syst."}
@STRING{IEEE_J_VT         = "{IEEE} Trans. Veh. Technol."}
@STRING{IEEE_J_VC         = "{IEEE} Trans. Veh. Commun."}



circuits, signals, systems, audio and controls
@STRING{IEEE_J_SPL        = "{IEEE} Signal Process. Lett."}
@STRING{IEEE_J_ASSP       = "{IEEE} Trans. Acoust., Speech, Signal Process."}
@STRING{IEEE_J_AU         = "{IEEE} Trans. Audio"}
@STRING{IEEE_J_AUEA       = "{IEEE} Trans. Audio Electroacoust."}
@STRING{IEEE_J_AC         = "{IEEE} Trans. Autom. Control"}
@STRING{IEEE_J_CAS        = "{IEEE} Trans. Circuits Syst."}
@STRING{IEEE_J_CASVT      = "{IEEE} Trans. Circuits Syst. Video Technol."}
@STRING{IEEE_J_CASI       = "{IEEE} Trans. Circuits Syst. {I}"}
@STRING{IEEE_J_CASII      = "{IEEE} Trans. Circuits Syst. {II}"}
in 2004 CASI and CASII renamed part title to CASI_RP and CASII_EB, respectively.
@STRING{IEEE_J_CASI_RP    = "{IEEE} Trans. Circuits Syst. {I}"}
@STRING{IEEE_J_CASII_EB   = "{IEEE} Trans. Circuits Syst. {II}"}
@STRING{IEEE_J_CT         = "{IEEE} Trans. Circuit Theory"}
@STRING{IEEE_J_CST        = "{IEEE} Trans. Control Syst. Technol."}
@STRING{IEEE_J_SP         = "{IEEE} Trans. Signal Process."}
@STRING{IEEE_J_SU         = "{IEEE} Trans. Sonics Ultrason."}
@STRING{IEEE_J_SAP        = "{IEEE} Trans. Speech Audio Process."}
@STRING{IEEE_J_UE         = "{IEEE} Trans. Ultrason. Eng."}
@STRING{IEEE_J_UFFC       = "{IEEE} Trans. Ultrason., Ferroelectr., Freq. Control"}



communications
@STRING{IEEE_J_COML       = "{IEEE} Commun. Lett."}
@STRING{IEEE_J_JSAC       = "{IEEE} J. Sel. Areas Commun."}
@STRING{IEEE_J_COM        = "{IEEE} Trans. Commun."}
@STRING{IEEE_J_COMT       = "{IEEE} Trans. Commun. Technol."}
@STRING{IEEE_J_WCOM       = "{IEEE} Trans. Wireless Commun."}



components, packaging and manufacturing
@STRING{IEEE_J_ADVP       = "{IEEE} Trans. Adv. Packag."}
@STRING{IEEE_J_CHMT       = "{IEEE} Trans. Compon., Hybrids, Manuf. Technol."}
@STRING{IEEE_J_CPMTA      = "{IEEE} Trans. Compon., Packag., Manuf. Technol. {A}"}
@STRING{IEEE_J_CPMTB      = "{IEEE} Trans. Compon., Packag., Manuf. Technol. {B}"}
@STRING{IEEE_J_CPMTC      = "{IEEE} Trans. Compon., Packag., Manuf. Technol. {C}"}
@STRING{IEEE_J_CAPT       = "{IEEE} Trans. Compon. Packag. Technol."}
@STRING{IEEE_J_CAPTS      = "{IEEE} Trans. Compon. Packag. Technol."}
@STRING{IEEE_J_CPART      = "{IEEE} Trans. Compon. Parts"}
@STRING{IEEE_J_EPM        = "{IEEE} Trans. Electron. Packag. Manuf."}
@STRING{IEEE_J_MFT        = "{IEEE} Trans. Manuf. Technol."}
@STRING{IEEE_J_PHP        = "{IEEE} Trans. Parts, Hybrids, Packag."}
@STRING{IEEE_J_PMP        = "{IEEE} Trans. Parts, Mater., Packag."}



CAD
@STRING{IEEE_J_TCAD       = "{IEEE} J. Technol. Comput. Aided Design"}
@STRING{IEEE_J_CAD        = "{IEEE} Trans. Comput.-Aided Design Integr. Circuits Syst."}



coding, data, information, knowledge
@STRING{IEEE_J_IT         = "{IEEE} Trans. Inf. Theory"}
@STRING{IEEE_J_KDE        = "{IEEE} Trans. Knowl. Data Eng."}



computers, computation, networking and software
@STRING{IEEE_J_C          = "{IEEE} Trans. Comput."}
@STRING{IEEE_J_CAL        = "{IEEE} Comput. Archit. Lett."}
disabled till definition is verified
STRING{IEEE_J_DSC         = "{IEEE} Trans. Dependable Secure Comput."}
@STRING{IEEE_J_ECOMP      = "{IEEE} Trans. Electron. Comput."}
@STRING{IEEE_J_EVC        = "{IEEE} Trans. Evol. Comput."}
@STRING{IEEE_J_FUZZ       = "{IEEE} Trans. Fuzzy Syst."}
@STRING{IEEE_J_IFS        = "{IEEE} Trans. Inf. Forensics Security"}
@STRING{IEEE_J_MC         = "{IEEE} Trans. Mobile Comput."}
@STRING{IEEE_J_NET        = "{IEEE/ACM} Trans. Netw."}
@STRING{IEEE_J_NN         = "{IEEE} Trans. Neural Netw."}
@STRING{IEEE_J_PDS        = "{IEEE} Trans. Parallel Distrib. Syst."}
@STRING{IEEE_J_SE         = "{IEEE} Trans. Softw. Eng."}



computer graphics, imaging, and multimedia
@STRING{IEEE_J_JDT        = "{IEEE/OSA} J. Display Technol."}
@STRING{IEEE_J_IP         = "{IEEE} Trans. Image Process."}
@STRING{IEEE_J_MM         = "{IEEE} Trans. Multimedia"}
@STRING{IEEE_J_VCG        = "{IEEE} Trans. Vis. Comput. Graphics"}



cybernetics, ergonomics, robots, man-machine, and automation
@STRING{IEEE_J_ASE        = "{IEEE} Trans. Autom. Sci. Eng."}
@STRING{IEEE_J_JRA        = "{IEEE} J. Robot. Autom."}
@STRING{IEEE_J_HFE        = "{IEEE} Trans. Hum. Factors Electron."}
@STRING{IEEE_J_MMS        = "{IEEE} Trans. Man-Mach. Syst."}
@STRING{IEEE_J_PAMI       = "{IEEE} Trans. Pattern Anal. Mach. Intell."}
in 1989 JRA became RA
in August 2004, RA split into ASE and RO
@STRING{IEEE_J_RA         = "{IEEE} Trans. Robot. Autom."}
@STRING{IEEE_J_RO         = "{IEEE} Trans. Robot."}
@STRING{IEEE_J_SMC        = "{IEEE} Trans. Syst., Man, Cybern."}
@STRING{IEEE_J_SMCA       = "{IEEE} Trans. Syst., Man, Cybern. {A}"}
@STRING{IEEE_J_SMCB       = "{IEEE} Trans. Syst., Man, Cybern. {B}"}
@STRING{IEEE_J_SMCC       = "{IEEE} Trans. Syst., Man, Cybern. {C}"}
@STRING{IEEE_J_SSC        = "{IEEE} Trans. Syst. Sci. Cybern."}



earth, wind, fire and water
@STRING{IEEE_J_GE         = "{IEEE} Trans. Geosci. Electron."}
@STRING{IEEE_J_GRS        = "{IEEE} Trans. Geosci. Remote Sens."}
@STRING{IEEE_J_GRSL       = "{IEEE} Geosci. Remote Sens. Lett."}
@STRING{IEEE_J_OE         = "{IEEE} J. Ocean. Eng."}



education, engineering, history, IEEE, professional
disabled till definition is verified
STRING{IEEE_J_CJECE       = "Canadian J. Elect. Comput. Eng."}
@STRING{IEEE_J_PROC       = "Proc. {IEEE}"}
@STRING{IEEE_J_EDU        = "{IEEE} Trans. Educ."}
@STRING{IEEE_J_EM         = "{IEEE} Trans. Eng. Manag."}
disabled till definition is verified
STRING{IEEE_J_EWS         = "{IEEE} Trans. Eng. Writing Speech"}
@STRING{IEEE_J_PC         = "{IEEE} Trans. Prof. Commun."}



electromagnetics, antennas, EMI, magnetics and microwave
@STRING{IEEE_J_AWPL       = "{IEEE} Antennas Wireless Propag. Lett."}
@STRING{IEEE_J_MGWL       = "{IEEE} Microw. Guided Wave Lett."}
IEEE seems to want "Compon." here, not "Comp."
@STRING{IEEE_J_MWCL       = "{IEEE} Microw. Wireless Compon. Lett."}
@STRING{IEEE_J_AP         = "{IEEE} Trans. Antennas Propag."}
@STRING{IEEE_J_EMC        = "{IEEE} Trans. Electromagn. Compat."}
@STRING{IEEE_J_MAG        = "{IEEE} Trans. Magn."}
@STRING{IEEE_J_MTT        = "{IEEE} Trans. Microw. Theory Tech."}
@STRING{IEEE_J_RFI        = "{IEEE} Trans. Radio Freq. Interference"}
@STRING{IEEE_J_TJMJ       = "{IEEE} Transl. J. Magn. Jpn."}



energy and power
@STRING{IEEE_J_EC         = "{IEEE} Trans. Energy Convers."}
@STRING{IEEE_J_PEL        = "{IEEE} Power Electron. Lett."}
@STRING{IEEE_J_PWRAS      = "{IEEE} Trans. Power App. Syst."}
@STRING{IEEE_J_PWRD       = "{IEEE} Trans. Power Del."}
@STRING{IEEE_J_PWRE       = "{IEEE} Trans. Power Electron."}
@STRING{IEEE_J_PWRS       = "{IEEE} Trans. Power Syst."}



industrial, commercial and consumer
@STRING{IEEE_J_APPIND     = "{IEEE} Trans. Appl. Ind."}
@STRING{IEEE_J_BC         = "{IEEE} Trans. Broadcast."}
disabled till definition is verified
STRING{IEEE_J_BCTV        = "{IEEE} Trans. Broadcast Television Receivers"}
@STRING{IEEE_J_CE         = "{IEEE} Trans. Consum. Electron."}
@STRING{IEEE_J_IE         = "{IEEE} Trans. Ind. Electron."}
@STRING{IEEE_J_IECI       = "{IEEE} Trans. Ind. Electron. Contr. Instrum."}
@STRING{IEEE_J_IA         = "{IEEE} Trans. Ind. Appl."}
@STRING{IEEE_J_IGA        = "{IEEE} Trans. Ind. Gen. Appl."}
@STRING{IEEE_J_IINF       = "{IEEE} Trans. Ind. Informat."}
@STRING{IEEE_J_PSE        = "{IEEE} J. Product Safety Eng."}



instrumentation and measurement
@STRING{IEEE_J_IM         = "{IEEE} Trans. Instrum. Meas."}



insulation and materials
@STRING{IEEE_J_JEM        = "{IEEE/TMS} J. Electron. Mater."}
@STRING{IEEE_J_DEI        = "{IEEE} Trans. Dielectr. Electr. Insul."}
@STRING{IEEE_J_EI         = "{IEEE} Trans. Electr. Insul."}



mechanical
@STRING{IEEE_J_MECH       = "{IEEE/ASME} Trans. Mechatronics"}
@STRING{IEEE_J_MEMS       = "J. Microelectromech. Syst."}



medical and biological
@STRING{IEEE_J_BME        = "{IEEE} Trans. Biomed. Eng."}
Note: The B-ME journal later dropped the hyphen and became the BME.
@STRING{IEEE_J_B-ME       = "{IEEE} Trans. Bio-Med. Eng."}
@STRING{IEEE_J_BMELC      = "{IEEE} Trans. Bio-Med. Electron."}
disabled till definition is verified
STRING{IEEE_J_CBB         = "{IEEE/ACM} Trans. Comput. Biology Bioinformatics"}
@STRING{IEEE_J_ITBM       = "{IEEE} Trans. Inf. Technol. Biomed."}
@STRING{IEEE_J_ME         = "{IEEE} Trans. Med. Electron."}
@STRING{IEEE_J_MI         = "{IEEE} Trans. Med. Imag."}
@STRING{IEEE_J_NB         = "{IEEE} Trans. Nanobiosci."}
@STRING{IEEE_J_NSRE       = "{IEEE} Trans. Neural Syst. Rehabil. Eng."}
@STRING{IEEE_J_RE         = "{IEEE} Trans. Rehabil. Eng."}



 optics, lightwave and photonics
@STRING{IEEE_J_PTL        = "{IEEE} Photon. Technol. Lett."}
@STRING{IEEE_J_JLT        = "J. Lightw. Technol."}



physics, electrons, nanotechnology, nuclear and quantum electronics
@STRING{IEEE_J_EDL        = "{IEEE} Electron Device Lett."}
@STRING{IEEE_J_JQE        = "{IEEE} J. Quantum Electron."}
@STRING{IEEE_J_JSTQE      = "{IEEE} J. Sel. Topics Quantum Electron."}
@STRING{IEEE_J_ED         = "{IEEE} Trans. Electron Devices"}
@STRING{IEEE_J_NANO       = "{IEEE} Trans. Nanotechnol."}
@STRING{IEEE_J_NS         = "{IEEE} Trans. Nucl. Sci."}
@STRING{IEEE_J_PS         = "{IEEE} Trans. Plasma Sci."}



reliability
IEEE seems to want "Mat." here, not "Mater."
@STRING{IEEE_J_DMR        = "{IEEE} Trans. Device Mater. Rel."}
@STRING{IEEE_J_R          = "{IEEE} Trans. Rel."}



semiconductors, superconductors, electrochemical and solid state
@STRING{IEEE_J_ESSL       = "{IEEE/ECS} Electrochem. Solid-State Lett."}
@STRING{IEEE_J_JSSC       = "{IEEE} J. Solid-State Circuits"}
@STRING{IEEE_J_ASC        = "{IEEE} Trans. Appl. Supercond."}
@STRING{IEEE_J_SM         = "{IEEE} Trans. Semicond. Manuf."}



sensors
@STRING{IEEE_J_SENSOR     = "{IEEE} Sensors J."}



VLSI
@STRING{IEEE_J_VLSI       = "{IEEE} Trans. {VLSI} Syst."}






IEEE Magazines 



@STRING{IEEE_M_AES        = "{IEEE} Aerosp. Electron. Syst. Mag."}
@STRING{IEEE_M_HIST       = "{IEEE} Ann. Hist. Comput."}
@STRING{IEEE_M_AP         = "{IEEE} Antennas Propag. Mag."}
@STRING{IEEE_M_ASSP       = "{IEEE} {ASSP} Mag."}
@STRING{IEEE_M_CD         = "{IEEE} Circuits Devices Mag."}
@STRING{IEEE_M_CAS        = "{IEEE} Circuits Syst. Mag."}
@STRING{IEEE_M_COM        = "{IEEE} Commun. Mag."}
@STRING{IEEE_M_COMSOC     = "{IEEE} Commun. Soc. Mag."}
@STRING{IEEE_M_CIM        = "{IEEE} Comput. Intell. Mag."}
CSEM changed to CSE in 1999
@STRING{IEEE_M_CSE        = "{IEEE} Comput. Sci. Eng."}
@STRING{IEEE_M_CSEM       = "{IEEE} Comput. Sci. Eng. Mag."}
@STRING{IEEE_M_C          = "{IEEE} Computer"}
@STRING{IEEE_M_CAP        = "{IEEE} Comput. Appl. Power"}
@STRING{IEEE_M_CGA        = "{IEEE} Comput. Graph. Appl."}
@STRING{IEEE_M_CONC       = "{IEEE} Concurrency"}
@STRING{IEEE_M_CS         = "{IEEE} Control Syst. Mag."}
@STRING{IEEE_M_DTC        = "{IEEE} Des. Test. Comput."}
@STRING{IEEE_M_EI         = "{IEEE} Electr. Insul. Mag."}
@STRING{IEEE_M_ETR        = "{IEEE} ElectroTechnol. Rev."}
@STRING{IEEE_M_EMB        = "{IEEE} Eng. Med. Biol. Mag."}
@STRING{IEEE_M_EMR        = "{IEEE} Eng. Manag. Rev."}
@STRING{IEEE_M_EXP        = "{IEEE} Expert"}
@STRING{IEEE_M_IA         = "{IEEE} Ind. Appl. Mag."}
@STRING{IEEE_M_IM         = "{IEEE} Instrum. Meas. Mag."}
@STRING{IEEE_M_IS         = "{IEEE} Intell. Syst."}
@STRING{IEEE_M_IC         = "{IEEE} Internet Comput."}
@STRING{IEEE_M_ITP        = "{IEEE} {IT} Prof."}
@STRING{IEEE_M_MICRO      = "{IEEE} Micro"}
@STRING{IEEE_M_MW         = "{IEEE} Microw. Mag."}
@STRING{IEEE_M_MM         = "{IEEE} Multimedia"}
@STRING{IEEE_M_NET        = "{IEEE} Netw."}
IEEE's editorial manual lists "Pers. Commun.", 
but "Personal Commun. Mag." seems to be what is used in the journals
@STRING{IEEE_M_PCOM       = "{IEEE} Personal Commun. Mag."}
@STRING{IEEE_M_POT        = "{IEEE} Potentials"}
CAP and PER merged to form PE in 2003
@STRING{IEEE_M_PE         = "{IEEE} Power Energy Mag."}
@STRING{IEEE_M_PER        = "{IEEE} Power Eng. Rev."}
@STRING{IEEE_M_PVC        = "{IEEE} Pervasive Comput."}
@STRING{IEEE_M_RA         = "{IEEE} Robot. Autom. Mag."}
@STRING{IEEE_M_SAP        = "{IEEE} Security Privacy"}
@STRING{IEEE_M_SP         = "{IEEE} Signal Process. Mag."}
@STRING{IEEE_M_S          = "{IEEE} Softw."}
@STRING{IEEE_M_SPECT      = "{IEEE} Spectr."}
@STRING{IEEE_M_TS         = "{IEEE} Technol. Soc. Mag."}
@STRING{IEEE_M_VT         = "{IEEE} Veh. Technol. Mag."}
@STRING{IEEE_M_WC         = "{IEEE} Wireless Commun. Mag."}
@STRING{IEEE_M_TODAY      = "Today's Engineer"}






IEEE Online Publications 



@STRING{IEEE_O_CSTO        = "{IEEE} Commun. Surveys Tuts."}
disabled till definition is verified
STRING{IEEE_O_DSO          = "{IEEE} Distrib. Syst. Online"}




@article{MASSIE2004817,
title = "The ganglia distributed monitoring system: design, implementation, and experience",
journal = "Parallel Computing",
volume = "30",
number = "7",
pages = "817 - 840",
year = "2004",
issn = "0167-8191",
doi = "https://doi.org/10.1016/j.parco.2004.04.001",
url = "http://www.sciencedirect.com/science/article/pii/S0167819104000535",
author = "Matthew L Massie and Brent N Chun and David E Culler",
keywords = "Monitoring, Clusters, Distributed systems"
}

@misc{Cisco,
  title = {{AppDynamics} sistema de monitoramento},
  howpublished = {\url{https://www.appdynamics.com/}},
  year = 2009,
  note = {Acessado: 30-11-2017}
}

@misc{DataDog,
  title = {{DataDog} sistema de monitoramento},
  howpublished = {\url{https://www.datadoghq.com/}},
  year = 2014,
  note = {Acessado: 27-11-2017}
}

@misc{LogicMonitor,
  title = {{Logic Monitor} sistema de monitoramento},
  howpublished = {\url{https://www.logicmonitor.com/
}},
  year = 2011,
  note = {Acessado: 04-12-2017}
}

@misc{NewRelic,
  title = {{New Relic} sistema de monitoramento},
  howpublished = {\url{https://newrelic.com/}},
  year = 2014,
  note = {Acessado: 01-12-2017}
}

@electronic{Nagios,
  title         = "{Nagios} The Industry Standard In IT Infrastructure Monitoring",
  url           = "https://www.nagios.org/",
  year          = "2017",
  key           = "Nagios"
}

@electronic{Collectd,
  title         = "{Collectd} The System Statistics Collection Daemon",
  url           = "https://www.collectd.org/",
  year          = "2018",
  key           = "Collectd"
}

@electronic{Opsview,
  title         = "{Opsview} IT Monitoring for Networks Applications, Virtual Servers and Cloud",
  url           = "https://www.opsview.com/",
  year          = "2018",
  key           = "Opsview"
}

@electronic{Zabbix,
  title         = "{Zabbix} The Enterprise-class Monitoring Solution for Everyone",
  url           = "https://www.zabbix.com/",
  year          = "2018",
  key           = "Zabbix"
}

@electronic{Ganglia,
  title         = "{Ganglia} Monitoring System",
  url           = "http://ganglia.info/",
  year          = "2018",
  key           = "Ganglia"
}

@electronic{Monitis,
  title         = "{Monitis} Web Performance Monitoring Tools",
  url           = "https://www.monitis.com/",
  year          = "2017",
  key           = "Monitis"
}

@electronic{CloudWatch,
  title         = "{Amazon CloudWatch} Cloud and Network Monitoring",
  url           = "https://aws.amazon.com/cloudwatch/",
  year          = "2018",
  key           = "Amazon CloudWatch"
}

@electronic{Pcmons,
  title         = "{PCMONS}: Private Cloud Monitoring System",
  url           = "https://github.com/pedrovitti/pcmons/",
  year          = "2018",
  key           = "PCMONS"
}

@electronic{Azure,
  title         = "{Microsoft Azute Monitoring} Overview of Monitoring in Microsoft Azure",
  url           = "https://docs.microsoft.com/en-us/azure/monitoring-and-diagnostics/monitoring-overview",
  year          = "2018",
  key           = "Microsoft Azure Monitoring"
}




@TECHREPORT{Armbrust09abovethe,
    author = {Michael Armbrust and Armando Fox and Rean Griffith and Anthony D. Joseph and Randy H. Katz and Andrew Konwinski and Gunho Lee and David A. Patterson and Ariel Rabkin and Matei Zaharia},
    title = {Above the Clouds: A Berkeley View of Cloud Computing},
    institution = {},
    year = {2009}
}



@article{Armbrust:2010:VCC:1721654.1721672,
 author = {Armbrust, Michael and Fox, Armando and Griffith, Rean and Joseph, Anthony D. and Katz, Randy and Konwinski, Andy and Lee, Gunho and Patterson, David and Rabkin, Ariel and Stoica, Ion and Zaharia, Matei},
 title = {A View of Cloud Computing},
 journal = {Commun. ACM},
 issue_date = {April 2010},
 volume = {53},
 number = {4},
 month = apr,
 year = {2010},
 issn = {0001-0782},
 pages = {50--58},
 numpages = {9},
 url = {http://doi.acm.org/10.1145/1721654.1721672},
 doi = {10.1145/1721654.1721672},
 acmid = {1721672},
 publisher = {ACM},
 address = {New York, NY, USA},
} 

@article{ACETO20132093,
title = "Cloud monitoring: A survey",
journal = "Computer Networks",
volume = "57",
number = "9",
pages = "2093 - 2115",
year = "2013",
issn = "1389-1286",
doi = "https://doi.org/10.1016/j.comnet.2013.04.001",
url = "http://www.sciencedirect.com/science/article/pii/S1389128613001084",
author = "Giuseppe Aceto and Alessio Botta and Walter de Donato and Antonio Pescapè",
keywords = "Cloud monitoring, Cloud measurements, SLA monitoring, Cloud resource monitoring, Cloud monitoring metrics, Cloud monitoring platforms"
}

@article{FATEMA20142918,
title = "A survey of Cloud monitoring tools: Taxonomy, capabilities and objectives",
journal = "Journal of Parallel and Distributed Computing",
volume = "74",
number = "10",
pages = "2918 - 2933",
year = "2014",
issn = "0743-7315",
doi = "https://doi.org/10.1016/j.jpdc.2014.06.007",
url = "http://www.sciencedirect.com/science/article/pii/S0743731514001099",
author = "Kaniz Fatema and Vincent C. Emeakaroha and Philip D. Healy and John P. Morrison and Theo Lynn",
keywords = "Cloud management, Monitoring tools, Cloud operational areas, Capabilities, Taxonomy, Survey"
}

@INPROCEEDINGS{Chunye,
author={C. Gong and J. Liu and Q. Zhang and H. Chen and Z. Gong},
booktitle={2010 39th International Conference on Parallel Processing Workshops},
title={The Characteristics of Cloud Computing},
year={2010},
volume={},
number={},
pages={275-279},
keywords={Internet;fault tolerance;information technology;software architecture;cloud computing;information technology;loose coupling model;service oriented model;strong fault tolerant;user experience characteristic;Cloud computing;Clouds;Computational modeling;Couplings;Fault tolerance;Fault tolerant systems;Grid computing;business pattern;cloud computing;ease use;loose coupling;serviec oriented;strong fault tolerant},
doi={10.1109/ICPPW.2010.45},
ISSN={0190-3918},
month={Sept},}


@INPROCEEDINGS{Clayman,
author={S. Clayman and A. Galis and L. Mamatas},
booktitle={2010 IEEE/IFIP Network Operations and Management Symposium Workshops},
title={Monitoring virtual networks with Lattice},
year={2010},
volume={},
number={},
pages={239-246},
keywords={encoding;telecommunication network management;virtual private networks;hypervisor control;lattice;meta-data encoding;monitoring virtual networks;overlay management system;Condition monitoring;Educational institutions;Encoding;Environmental management;Hardware;Lattices;Resource management;Resource virtualization;Virtual machine monitors;Virtual machining},
doi={10.1109/NOMSW.2010.5486569},
ISSN={},
month={April},}


@article{Rizwan,
title = "Provisioning data analytic workloads in a cloud",
journal = "Future Generation Computer Systems",
volume = "29",
number = "6",
pages = "1452 - 1458",
year = "2013",
note = "Including Special sections: High Performance Computing in the Cloud & Resource Discovery Mechanisms for P2P Systems",
issn = "0167-739X",
doi = "https://doi.org/10.1016/j.future.2012.01.008",
url = "http://www.sciencedirect.com/science/article/pii/S0167739X12000209",
author = "Rizwan Mian and Patrick Martin and Jose Luis Vazquez-Poletti",
keywords = "Cloud computing, Data analytics, Workload management, Resource provisioning"
}


@inproceedings{Padhy,
 author = {Padhy, Smruti and Kreutz, Diego and Casimiro, Ant\'{o}nio and Pasin, Marcelo},
 title = {Trustworthy and Resilient Monitoring System for Cloud Infrastructures},
 booktitle = {Proceedings of the Workshop on Posters and Demos Track},
 series = {PDT '11},
 year = {2011},
 isbn = {978-1-4503-1073-4},
 location = {Lisbon, Portugal},
 pages = {3:1--3:2},
 articleno = {3},
 numpages = {2},
 url = {http://doi.acm.org/10.1145/2088960.2088963},
 doi = {10.1145/2088960.2088963},
 acmid = {2088963},
 publisher = {ACM},
 address = {New York, NY, USA},
 keywords = {Byzantine faults, cloud infrastructure, monitoring, publish-subscribe},
} 

@INPROCEEDINGS{Hasselmeyer, 
author={P. Hasselmeyer and N. d'Heureuse}, 
booktitle={2010 IEEE/IFIP Network Operations and Management Symposium Workshops}, 
title={Towards holistic multi-tenant monitoring for virtual data centers}, 
year={2010}, 
volume={}, 
number={}, 
pages={350-356}, 
keywords={Web services;computer centres;IT function outsourcing;cloud computing;generic monitoring information propagation;holistic multitenant monitoring;virtual data centers;Cloud computing;Condition monitoring;Europe;Fabrics;Hardware;Laboratories;National electric code;Network servers;Outsourcing;Quality of service;cloud computing;monitoring;multi-tenancy;scalability}, 
doi={10.1109/NOMSW.2010.5486528}, 
ISSN={}, 
month={April},}

@INPROCEEDINGS{Katsaros, 
author={G. Katsaros and R. Kübert and G. Gallizo}, 
booktitle={2011 IEEE International Conference on Services Computing}, 
title={Building a Service-Oriented Monitoring Framework with REST and Nagios}, 
year={2011}, 
volume={}, 
number={}, 
pages={426-431}, 
keywords={cloud computing;service-oriented architecture;system monitoring;Nagios;REST;Web technologies;cloud computing;monitoring toolkit;restful event brokering module;service-oriented monitoring framework;Cloud computing;Data models;Databases;Monitoring;Quality of service;Service oriented architecture;Software;REST;cloud computing;monitoring;nagios;services computing}, 
doi={10.1109/SCC.2011.53}, 
ISSN={}, 
month={July},}





@INPROCEEDINGS{Laprie, 
author={J. Laprie}, 
booktitle={Fourth IEEE International Symposium on Network Computing and Applications}, 
title={Resilience for the Scalability of Dependability}, 
year={2005}, 
volume={}, 
number={}, 
pages={5-6}, 
keywords={fault tolerant computing;system recovery;ubiquitous computing;availability-critical system;fault tolerance;safety-critical system;system dependability;system failure;system security;Aerospace electronics;Cost function;Military computing;Pervasive computing;Rail transportation;Resilience;Scalability;Security;Sensor systems;Usability}, 
doi={10.1109/NCA.2005.44}, 
ISSN={}, 
month={July},
}



@INPROCEEDINGS{Shirey, 
author={Robert W. Shirey}, 
booktitle={}, 
title={Internet security glossary}, 
year={2007}, 
volume={}, 
number={}, 
pages={5-6}, 
keywords={}, 
doi={}, 
ISSN={}, 
month={July},
}


@INPROCEEDINGS{Rodrigues, 
author={G. d. C. Rodrigues and G. L. d. Santos and V. T. Guimarães and L. Z. Granville and L. M. R. Tarouco}, 
booktitle={The International Conference on Information Networking 2014 (ICOIN2014)}, 
title={An architecture to evaluate Scalability, Adaptability and Accuracy in cloud monitoring systems}, 
year={2014}, 
volume={}, 
number={}, 
pages={46-51}, 
keywords={cloud computing;computer network reliability;filtering theory;accuracy evaluation;adaptability evaluation;cloud monitoring systems;local filters;scalability evaluation;Accuracy;Cloud computing;Computer architecture;Context;Monitoring;Probes;Scalability}, 
doi={10.1109/ICOIN.2014.6799663}, 
ISSN={1550-445X}, 
month={Feb},}



@Article{Zhang2010,
author="Zhang, Qi
and Cheng, Lu
and Boutaba, Raouf",
title="Cloud computing: state-of-the-art and research challenges",
journal="Journal of Internet Services and Applications",
year="2010",
month="May",
day="01",
volume="1",
number="1",
pages="7--18",
abstract="Cloud computing has recently emerged as a new paradigm for hosting and delivering services over the Internet. Cloud computing is attractive to business owners as it eliminates the requirement for users to plan ahead for provisioning, and allows enterprises to start from the small and increase resources only when there is a rise in service demand. However, despite the fact that cloud computing offers huge opportunities to the IT industry, the development of cloud computing technology is currently at its infancy, with many issues still to be addressed. In this paper, we present a survey of cloud computing, highlighting its key concepts, architectural principles, state-of-the-art implementation as well as research challenges. The aim of this paper is to provide a better understanding of the design challenges of cloud computing and identify important research directions in this increasingly important area.",
issn="1869-0238",
doi="10.1007/s13174-010-0007-6",
url="https://doi.org/10.1007/s13174-010-0007-6"
}



@INPROCEEDINGS{RajkumarBuyya, 
author={R. Buyya and C. S. Yeo and S. Venugopal}, 
booktitle={2008 10th IEEE International Conference on High Performance Computing and Communications}, 
title={Market-Oriented Cloud Computing: Vision, Hype, and Reality for Delivering IT Services as Computing Utilities}, 
year={2008}, 
volume={}, 
number={}, 
pages={5-13}, 
keywords={Web services;customer services;grid computing;marketing data processing;resource allocation;risk management;3rd generation Aneka enterprise grid technology;IT service delivery;SLA-oriented resource allocation;Web service;computational risk management;computing utility;customer-driven service management;market-oriented cloud computing;resource management strategy;Cloud computing;Computer architecture;Computer vision;Environmental management;Grid computing;Paper technology;Resource management;Risk management;Technology management;Voice mail;Cloud Computing;Market Oriented Resource Management;Service Level Agreements;Utility Computing;Virtual Machines}, 
doi={10.1109/HPCC.2008.172}, 
ISSN={}, 
month={Sept},}

@article{venkatachalam2005power,
  title={Power reduction techniques for microprocessor systems},
  author={Venkatachalam, Vasanth and Franz, Michael},
  journal={ACM Computing Surveys (CSUR)},
  volume={37},
  number={3},
  pages={195--237},
  year={2005},
  publisher={ACM}
}


@book{minas2009energy,
  title={Energy efficiency for information technology: How to reduce power consumption in servers and data centers},
  author={Minas, Lauri and Ellison, Brad},
  year={2009},
  publisher={Intel Press}
}


@phdthesis{beloglazov2013energy,
  title={Energy-efficient management of virtual machines in data centers for cloud computing},
  author={Beloglazov, Anton},
  year={2013}
}

@inproceedings{vogelsang2010understanding,
  title={Understanding the energy consumption of dynamic random access memories},
  author={Vogelsang, Thomas},
  booktitle={Microarchitecture (MICRO), 2010 43rd Annual IEEE/ACM International Symposium on},
  pages={363--374},
  year={2010},
  organization={IEEE}
}



@book{Minas:2009:EEI:2826078,
 author = {Minas, L. and Ellison, B.},
 title = {Energy Efficiency for Information Technology: How to Reduce Power Consumption in Servers and Data Centers},
 year = {2009},
 isbn = {1934053201, 9781934053201},
 publisher = {Intel Press},
} 


@inproceedings{fan2007power,
  title={Power provisioning for a warehouse-sized computer},
  author={Fan, Xiaobo and Weber, Wolf-Dietrich and Barroso, Luiz Andre},
  booktitle={ACM SIGARCH Computer Architecture News},
  volume={35},
  number={2},
  pages={13--23},
  year={2007},
  organization={ACM}
}


@misc{koomey2007estimating,
  title={Estimating total power consumption by servers in the US and the world},
  author={Koomey, Jonathan G and others},
  year={2007},
  publisher={February}
}

@ARTICLE{1432675, 
author={C. Alvarez and J. Corbal and M. Valero}, 
journal={IEEE Transactions on Computers}, 
title={Fuzzy memoization for floating-point multimedia applications}, 
year={2005}, 
volume={54}, 
number={7}, 
pages={922-927}, 
keywords={digital signal processing chips;embedded systems;floating point arithmetic;fuzzy logic;low-power electronics;multimedia computing;power consumption;embedded systems;floating-point operation;fuzzy memoization;instruction memoization;low power design;low-power multimedia processor;mobile multimedia systems;power consumption;real-time systems;tolerant memoization;Application software;Auditory displays;Computer aided instruction;Costs;Delay;Energy consumption;Multimedia systems;Performance loss;Speech synthesis;Table lookup;Index Terms- Low-power design;real-time and embedded systems.;special-purpose and application-based systems}, 
doi={10.1109/TC.2005.119}, 
ISSN={0018-9340}, 
month={July},}

@inproceedings{KarnikMendel1998,
  title={Introduction to type-2 fuzzy logic systems},
  author={Karnik, Nilesh N and Mendel, Jerry M},
  booktitle={Fuzzy Systems Proceedings, 1998. IEEE World Congress on Computational Intelligence., The 1998 IEEE International Conference on},
  volume={2},
  pages={915--920},
  year={1998},
  organization={IEEE}
}

@article{zadeh1975,
  title={The concept of a linguistic variable and its application to approximate reasoning—I},
  author={Zadeh, Lotfi Asker},
  journal={Information sciences},
  volume={8},
  number={3},
  pages={199--249},
  publisher={Elsevier}
}

@inproceedings{mendel2003,
  title={Fuzzy sets for words: a new beginning},
  author={Mendel, Jerry M},
  booktitle={Fuzzy Systems, 2003. FUZZ'03. The 12th IEEE International Conference on},
  volume={1},
  pages={37--42},
  year={2003},
  organization={IEEE}
}

@article{Mendel1999,
  title={Type-2 fuzzy logic systems},
  author={Karnik, Nilesh N and Mendel, Jerry M and Liang, Qilian},
  journal={IEEE transactions on Fuzzy Systems},
  volume={7},
  number={6},
  pages={643--658},
  year={1999},
  publisher={IEEE}
}

@article{VMMG12,
  title={Soft computing based on new interval-valued fuzzy modified multi-criteria decision-making method},
  author={Vahdani, Behnam and Tavakkoli-Moghaddam, Reza and Mousavi, S Meysam and Ghodratnama, Ali},
  journal={Applied Soft Computing},
  volume={13},
  number={1},
  pages={165--172},
  year={2013},
  publisher={Elsevier}
}

@article{KL12,
  title={A soft computing method of performance evaluation with MCDM based on interval-valued fuzzy numbers},
  author={Kuo, Ming-Shin and Liang, Gin-Shuh},
  journal={Applied Soft Computing},
  volume={12},
  number={1},
  pages={476--485},
  year={2012},
  publisher={Elsevier}
}

@article{lima2017logica,
  title={A L{\'o}gica Fuzzy tipo 2 e um estudo de caso aplicado no Controle de Tr{\'a}fego A{\'e}reo},
  author={Lima, M{\'a}rcio Pereira},
  year={2017},
  publisher={Escola Polit{\'e}cnica/Instituto de Matem{\'a}tica}
}

@inproceedings{mendel2003fuzzy,
  title={Fuzzy sets for words: a new beginning},
  author={Mendel, Jerry M},
  booktitle={Fuzzy Systems, 2003. FUZZ'03. The 12th IEEE International Conference on},
  volume={1},
  pages={37--42},
  year={2003},
  organization={IEEE}
}

@article{koch2005discovering,
  title={Discovering multi-core: Extending the benefits of Moore’s law},
  author={Koch, Geoff},
  journal={Technology},
  volume={1},
  year={2005}
}


@INPROCEEDINGS{Nathuji,
author={R. Nathuji and C. Isci and E. Gorbatov},
booktitle={Fourth International Conference on Autonomic Computing (ICAC'07)},
title={Exploiting Platform Heterogeneity for Power Efficient Data Centers},
year={2007},
volume={},
number={},
pages={5-5},
keywords={computer centres;power aware computing;resource allocation;data center;enterprise computing environment;enterprise workload management;intelligent workload allocation method;platform heterogeneity-aware management;power-efficient management;Cooling;Costs;Energy consumption;Energy management;Environmental management;Financial management;Hardware;Power system management;Technology management;Thermal management},
doi={10.1109/ICAC.2007.16},
ISSN={},
month={June},}

@ARTICLE{barroso,
author={L. A. Barroso and U. Hölzle},
journal={Computer},
title={The Case for Energy-Proportional Computing},
year={2007},
volume={40},
number={12},
pages={33-37},
keywords={disc storage;file servers;laptop computers;power aware computing;disk subsystem;energy usage profile;energy-proportional computing;energy-proportional design;laptop computer;memory subsystem;server energy saving;Computer crashes;Computer networks;Databases;Embedded computing;High performance computing;Large-scale systems;Network servers;Voltage;Web and internet services;Web server;energy-proportional computing;green computing},
doi={10.1109/MC.2007.443},
ISSN={0018-9162},
month={Dec},}

@article{lee2010phase,
  title={Phase-change technology and the future of main memory},
  author={Lee, Benjamin C and Zhou, Ping and Yang, Jun and Zhang, Youtao and Zhao, Bo and Ipek, Engin and Mutlu, Onur and Burger, Doug},
  journal={IEEE micro},
  volume={30},
  number={1},
  year={2010},
  publisher={IEEE}
}
@inproceedings{dong2011adams,
  title={AdaMS: Adaptive MLC/SLC phase-change memory design for file storage},
  author={Dong, Xiangyu and Xie, Yuan},
  booktitle={Proceedings of the 16th Asia and South Pacific Design Automation Conference},
  pages={31--36},
  year={2011},
  organization={IEEE Press}
}

@article{fang2014lifetime,
  title={Lifetime enhancement techniques for PCM-based image buffer in multimedia applications},
  author={Fang, Yuntan and Li, Huawei and Li, Xiaowei},
  journal={IEEE Transactions on Very Large Scale Integration (VLSI) Systems},
  volume={22},
  number={6},
  pages={1450--1455},
  year={2014},
  publisher={IEEE}
}



@ARTICLE{Meikang,
author={M. Qiu and Z. Chen and M. Liu},
journal={IEEE Embedded Systems Letters},
title={Low-Power Low-Latency Data Allocation for Hybrid Scratch-Pad Memory},
year={2014},
volume={6},
number={4},
pages={69-72},
keywords={SRAM chips;dynamic programming;embedded systems;genetic algorithms;memory architecture;multiprocessing systems;power aware computing;AGADA;MDPDA;MRAM;SRAM;Z-RAM;adaptive genetic algorithm-for-data allocation;energy wall;heterogeneous scratch-pad memory architecture;hybrid SPM memory architecture;hybrid scratch-pad memory;low-power low-latency data allocation;memory access cost reduction;memory banks;memory wall;multicore embedded systems;multidimensional dynamic programming data allocation;power consumption;Dynamic programming;Genetic algorithms;Memory architecture;Memory management;Multicore processing;Random access memory;Data allocation;dynamic programming;genetic algorithm;hybrid memory;multicore;scratch-pad memory (SPM)},
doi={10.1109/LES.2014.2344913},
ISSN={1943-0663},
month={Dec},}


@article{awada2014energy,
  title={Energy consumption in cloud computing data centers},
  author={Awada, Uchechukwu and Li, Keqiu and Shen, Yanming},
  journal={International Journal of Cloud Computing and services science},
  volume={3},
  number={3},
  pages={145},
  year={2014},
  publisher={IAES Institute of Advanced Engineering and Science}
}

@article{lianginterval,
  title={Interval type-2 fuzzy logic systems: theory and design},
  author={Liang, Qilian and Mendel, Jerry M},
  journal={IEEE Transactions on Fuzzy systems},
  volume={8},
  number={5},
  pages={535--550},
  year={2000},
  publisher={IEEE}
}


@INPROCEEDINGS{Haydar, 
author={H. A. Ismail and M. Riasetiawan}, 
booktitle={2016 2nd International Conference on Science and Technology-Computer (ICST)}, 
title={CPU and memory performance analysis on dynamic and dedicated resource allocation using XenServer in Data Center environment}, 
year={2016}, 
volume={}, 
number={}, 
pages={17-22}, 
keywords={SQL;Unix;benchmark testing;computer centres;file servers;resource allocation;storage management;virtual machines;CPU allocation;MySQL query tests;UnixBench tests;VM stress test;XenServer;benchmarks;computer resource management;data center environment;disk intensive app;dynamic memory allocation;memory allocation techniques;memory performance analysis;resource allocation;static memory allocation;stress test applications;virtual machines;Benchmark testing;Central Processing Unit;Dynamic scheduling;Resource management;Servers;Stress;Virtual machining;XenServer;resource allocation;virtual data center;virtual machine}, 
doi={10.1109/ICSTC.2016.7877341}, 
ISSN={}, 
month={Oct},}

@misc{STRESSNG,
  title = {{Canonica.} Stress-NG},
  howpublished = {\url{:http://manpages.ubuntu.com/manpages/wi
ly/man1/stressng.1.html.
}},
  year = 2011,
  note = {Acessed: 03-05-2018.}
}
@misc{freeIPMI,
  title = {{GNU} FreeIPMI},
  howpublished = {\url{:https://www.gnu.org/software/freeipmi}},
  year = 2011,
  note = {Acessed: 03-05-2018.}
}


@techreport{NIST:2011,
     author = {Mell, Peter M. and Grance, Timothy},
      title = {SP 800-145. The NIST Definition of Cloud Computing},
       year = {2011},
        publisher = {National Institute of Standards \& Technology},
         address = {Gaithersburg, MD, United States},
}


@article{mittal2015survey,
 title={A survey of architectural approaches for managing embedded DRAM and non-volatile on-chip caches},
 author={Mittal, S. and Vetter, J. S. and Li, D.},
 journal={IEEE Transactions on Parallel and Distributed Systems},
 volume={26},
 number={6},
 pages={1524--1537},
 year={2015},
 publisher={IEEE}
}


EOF

